<?xml version="1.0" encoding="UTF-8"?><collection xmlns="http://www.loc.gov/MARC21/slim"><record><leader>00371nam--2200133-i-4500</leader><controlfield tag="001">000040421</controlfield><controlfield tag="002">20161230</controlfield><controlfield tag="005">20161230201042</controlfield><controlfield tag="008">060222s1000------------r-----000-0-eng-d</controlfield><datafield ind1=" " ind2=" " tag="100"><subfield code="a">Say,M.G</subfield></datafield><datafield ind1=" " ind2=" " tag="245"><subfield code="a">Magnetic amplifiers and saturables reactors</subfield></datafield><datafield ind1=" " ind2=" " tag="260"><subfield code="a">London, G.Newnes, 1954. Vii + 199 P</subfield></datafield><datafield ind1=" " ind2=" " tag="490"><subfield code="a">Newness Electrical Engineeering Progress Series</subfield></datafield><datafield ind1=" " ind2=" " tag="852"><subfield code="a">12986</subfield></datafield></record></collection>